<record><leader>00000cas a2200000 a 4500</leader><controlfield tag="001">9574221</controlfield><controlfield tag="008">830603d18461883ctudn ne      0    0eng c</controlfield><datafield ind1=" " ind2=" " tag="010"><subfield code="a">sn 83045525 </subfield></datafield><datafield ind1=" " ind2=" " tag="040"><subfield code="a">CRL</subfield><subfield code="b">eng</subfield><subfield code="c">CRL</subfield><subfield code="d">NPW</subfield><subfield code="d">NPV</subfield><subfield code="d">NPX</subfield><subfield code="d">NPA</subfield><subfield code="d">NPU</subfield><subfield code="d">DLC</subfield><subfield code="d">CNW</subfield><subfield code="d">CNK</subfield><subfield code="d">CNW</subfield><subfield code="d">CRL</subfield><subfield code="d">OCL</subfield><subfield code="d">NYS</subfield><subfield code="d">CUI</subfield><subfield code="d">OCLCQ</subfield><subfield code="d">OCLCF</subfield></datafield><datafield ind1="1" ind2=" " tag="029"><subfield code="a">AU@</subfield><subfield code="b">000020128342</subfield></datafield><datafield ind1=" " ind2=" " tag="042"><subfield code="a">pcc</subfield></datafield><datafield ind1=" " ind2=" " tag="043"><subfield code="a">n-us-ct</subfield></datafield><datafield ind1="0" ind2="0" tag="050"><subfield code="a">Newspaper 7225-X</subfield></datafield><datafield ind1=" " ind2="4" tag="050"><subfield code="a">AN</subfield></datafield><datafield ind1="0" ind2="0" tag="245"><subfield code="a">Hartford daily times.</subfield></datafield><datafield ind1=" " ind2=" " tag="260"><subfield code="a">Hartford, Conn. :</subfield><subfield code="b">Alfred E. Burr,</subfield><subfield code="c">[1846-1883]</subfield></datafield><datafield ind1=" " ind2=" " tag="300"><subfield code="a">38 v. :</subfield><subfield code="b">ill. ;</subfield><subfield code="c">54-74 cm.</subfield></datafield><datafield ind1=" " ind2=" " tag="310"><subfield code="a">Daily (except Sun.)</subfield></datafield><datafield ind1="0" ind2=" " tag="362"><subfield code="a">Vol. 7, no. 1640 (Apr. 13, 1846)-July 2, 1883.</subfield></datafield><datafield ind1=" " ind2=" " tag="515"><subfield code="a">Issues for Feb. 7-July 2, 1870 also called: Vol. 30-43.</subfield></datafield><datafield ind1=" " ind2=" " tag="530"><subfield code="a">Available on microfilm from UMI.</subfield></datafield><datafield ind1=" " ind2=" " tag="580"><subfield code="a">Weekly ed.: Hartford times (Hartford, Conn. : 1837 : Weekly), 1846, and: Hartford weekly times, 1847-1883.</subfield></datafield><datafield ind1=" " ind2="0" tag="651"><subfield code="a">Hartford (Conn.)</subfield><subfield code="v">Newspapers.</subfield></datafield><datafield ind1=" " ind2="0" tag="651"><subfield code="a">Hartford County (Conn.)</subfield><subfield code="v">Newspapers.</subfield></datafield><datafield ind1=" " ind2="7" tag="655"><subfield code="a">Newspapers.</subfield><subfield code="2">fast</subfield><subfield code="0">(OCoLC)fst01423814</subfield></datafield><datafield ind1=" " ind2="7" tag="651"><subfield code="a">Connecticut</subfield><subfield code="z">Hartford.</subfield><subfield code="2">fast</subfield><subfield code="0">(OCoLC)fst01207441</subfield></datafield><datafield ind1=" " ind2="7" tag="651"><subfield code="a">Connecticut</subfield><subfield code="z">Hartford County.</subfield><subfield code="2">fast</subfield><subfield code="0">(OCoLC)fst01211874</subfield></datafield><datafield ind1="1" ind2=" " tag="700"><subfield code="a">Burr, Alfred E.</subfield></datafield><datafield ind1=" " ind2=" " tag="752"><subfield code="a">United States</subfield><subfield code="b">Connecticut</subfield><subfield code="c">Hartford</subfield><subfield code="d">Hartford.</subfield></datafield><datafield ind1="1" ind2=" " tag="775"><subfield code="t">Hartford times (Hartford, Conn. : 1837 : Weekly)</subfield><subfield code="w">(DLC)sn 82014454</subfield><subfield code="w">(OCoLC)8786408</subfield></datafield><datafield ind1="1" ind2=" " tag="775"><subfield code="t">Hartford weekly times</subfield><subfield code="w">(DLC)sn 82014611</subfield><subfield code="w">(OCoLC)8814682</subfield></datafield><datafield ind1="0" ind2="8" tag="776"><subfield code="i">Online version:</subfield><subfield code="t">Hartford Times</subfield><subfield code="w">(OCoLC)192107307</subfield></datafield><datafield ind1="0" ind2="0" tag="780"><subfield code="t">Daily times (Hartford, Conn.)</subfield><subfield code="w">(DLC)sn 84023077</subfield><subfield code="w">(OCoLC)10758416</subfield></datafield><datafield ind1="0" ind2="0" tag="785"><subfield code="t">Hartford times (Hartford, Conn. : 1883)</subfield><subfield code="w">(DLC)sn 83045502</subfield><subfield code="w">(OCoLC)9516165</subfield></datafield></record>